<record><leader>00000cas a22000007a 4500</leader><controlfield tag="001">17460519</controlfield><controlfield tag="008">880211d18831884ohumr ne      0    0eng d</controlfield><datafield ind1=" " ind2=" " tag="010"><subfield code="a">sn 88078247 </subfield></datafield><datafield ind1=" " ind2=" " tag="040"><subfield code="a">ONP</subfield><subfield code="b">eng</subfield><subfield code="c">ONP</subfield><subfield code="d">OCLCQ</subfield></datafield><datafield ind1=" " ind2=" " tag="042"><subfield code="a">msc</subfield></datafield><datafield ind1="0" ind2=" " tag="130"><subfield code="a">Clipper (California, Ohio)</subfield></datafield><datafield ind1="1" ind2="0" tag="245"><subfield code="a">Clipper.</subfield></datafield><datafield ind1=" " ind2=" " tag="260"><subfield code="a">California, Ohio :</subfield><subfield code="b">W.S. Samson,</subfield><subfield code="c">1883-1884.</subfield></datafield><datafield ind1=" " ind2=" " tag="310"><subfield code="a">Monthly</subfield></datafield><datafield ind1="0" ind2=" " tag="362"><subfield code="a">Vol. 1, no. 1 (Dec. 5, 1883)-v. 1, no. 6 (May [15], 1884).</subfield></datafield><datafield ind1=" " ind2=" " tag="500"><subfield code="a">Published in California, Ohio, Dec. 1883-Feb. 1884; Flat, Ohio, Mar.-May 1884.</subfield></datafield><datafield ind1=" " ind2=" " tag="752"><subfield code="a">United States</subfield><subfield code="b">Ohio</subfield><subfield code="c">Pike</subfield><subfield code="d">California.</subfield></datafield><datafield ind1=" " ind2=" " tag="752"><subfield code="a">United States</subfield><subfield code="b">Ohio</subfield><subfield code="c">Pike</subfield><subfield code="d">Flat.</subfield></datafield><datafield ind1="0" ind2="0" tag="785"><subfield code="t">Weekly clipper (Flat, Ohio)</subfield><subfield code="w">(DLC)sn 88078246</subfield></datafield></record>